<?xml version="1.0" encoding="UTF-8"?><collection xmlns="http://www.loc.gov/MARC21/slim"><record><leader>00465nam--2200181-u-4500</leader><controlfield tag="001">000055062</controlfield><controlfield tag="002">20161230</controlfield><controlfield tag="005">20161230201052</controlfield><controlfield tag="008">121026s1000------------r-----000-0-eng-d</controlfield><datafield ind1=" " ind2=" " tag="020"><subfield code="a">0216900204</subfield></datafield><datafield ind1=" " ind2=" " tag="040"><subfield code="a">IFIN-HH</subfield></datafield><datafield ind1=" " ind2=" " tag="080"><subfield code="a">538.971</subfield></datafield><datafield ind1="1" ind2=" " tag="100"><subfield code="a">Oudar, Jacques</subfield></datafield><datafield ind1="1" ind2="0" tag="245"><subfield code="a">Physics and chemistry of surfaces</subfield><subfield code="c">Jacques oudar</subfield></datafield><datafield ind1=" " ind2=" " tag="260"><subfield code="a">Glasgow</subfield><subfield code="b">Blackie &amp; Son Limited</subfield><subfield code="c">1975</subfield></datafield><datafield ind1=" " ind2=" " tag="300"><subfield code="a">XII+130P</subfield></datafield><datafield ind1=" " ind2=" " tag="852"><subfield code="a">45675</subfield><subfield code="c">539.2</subfield></datafield><datafield ind1=" " ind2=" " tag="CAT"><subfield code="a">Sys</subfield><subfield code="c">20121026</subfield><subfield code="h">130604</subfield></datafield></record></collection>